@inproceedings{Adams2010,
  author =       {Adams, Michael D.},
  title =        {{Scrap Your Zippers: A Generic Zipper for
                  Heterogeneous Types}},
  booktitle =    {WGP '10: Proceedings of the 2010 ACM SIGPLAN
                  workshop on Generic programming},
  pages =        {13--24},
  year =         2010,
  address =      {New York, NY, USA},
  publisher =    {ACM},
  isbn =         {978-1-4503-0251-7},
  doi =          {10.1145/1863495.1863499},
}

@misc{McBride2001,
    author = {Conor Mcbride},
    title = {The Derivative of a Regular Type is its Type of One-Hole Contexts (Extended Abstract)},
    year = {2001}
}

@article{Akutsu2010,
  author =       "Akutsu, Tatsuya and Fukagawa, Daiji and Takasu,
                  Atsuhiro",
  title =        "Approximating Tree Edit Distance through String Edit
                  Distance",
  journal =      "Algorithmica",
  year =         2010,
  month =        "Jun",
  day =          01,
  volume =       57,
  number =       2,
  pages =        "325--348",
  issn =         "1432-0541",
  doi =          "10.1007/s00453-008-9213-z",
  url =          "https://doi.org/10.1007/s00453-008-9213-z"
}

@article{Akutsu2010b,
  title =        {Tree Edit Distance Problems: Algorithms and
                  Applications to Bioinformatics},
  author =       {Tatsuya AKUTSU},
  journal =      {IEICE Transactions on Information and Systems},
  volume =       {E93.D},
  number =       2,
  pages =        {208-218},
  year =         2010,
  doi =          {10.1587/transinf.E93.D.208}
}

@article{Altenkirch2015,
  title =        {Indexed containers},
  author =       {Altenkirch, Thorsten and Ghani, Neil and Hancock,
                  Peter and McBride, Conor and Morris, Peter},
  journal =      {Journal of Functional Programming},
  volume =       25,
  year =         2015,
  publisher =    {Cambridge University Press}
}

@inproceedings{Andersen2008,
  author =       {Jesper Andersen and Julia L. Lawall},
  title =        {Generic Patch Inference},
  booktitle =    {23rd IEEE/ACM International Conference on Automated
                  Software Engineering},
  month =        sep,
  year =         2008,
  pages =        {337--346},
  address =      {L'Aquila, Italy}
}

@inproceedings{Angiuli2014,
  author =       {Angiuli, Carlo and Morehouse, Edward and Licata,
                  Daniel R. and Harper, Robert},
  title =        {Homotopical Patch Theory},
  booktitle =    {Proceedings of the 19th ACM SIGPLAN International
                  Conference on Functional Programming},
  series =       {ICFP '14},
  year =         2014,
  pages =        {243--256},
  publisher =    {ACM},
  address =      {New York, NY, USA}
}

@inproceedings{Asenov2017,
  author =       {Asenov, Dimitar and Guenat, Balz and M\"{u}ller,
                  Peter and Otth, Martin},
  title =        {Precise Version Control of Trees with Line-Based
                  Version Control Systems},
  booktitle =    {Proceedings of the 20th International Conference on
                  Fundamental Approaches to Software Engineering -
                  Volume 10202},
  year =         2017,
  isbn =         {978-3-662-54493-8},
  pages =        {152--169},
  numpages =     18,
  url =          {https://doi.org/10.1007/978-3-662-54494-5_9},
  doi =          {10.1007/978-3-662-54494-5_9},
  acmid =        3080426,
  publisher =    {Springer-Verlag New York, Inc.},
  address =      {New York, NY, USA},
  keywords =     {Software evolution, Structured editor, Trees,
                  Version control},
}

@article{Autexier2015,
  author =       {Serge Autexier},
  title =        {Similarity-Based Diff, Three-Way Diff and Merge},
  journal =      {Int. J. Software and Informatics},
  volume =       9,
  number =       2,
  pages =        {259--277},
  year =         2015,
  url =
                  {http://www.ijsi.org/ch/reader/view_abstract.aspx?file_no=i217},
  timestamp =    {Wed, 17 Aug 2016 16:08:26 +0200},
  biburl =
                  {http://dblp.uni-trier.de/rec/bib/journals/ijsi/Autexier15},
  bibsource =    {dblp computer science bibliography, http://dblp.org}
}

@inproceedings{Bergroth2000,
  author =       {Bergroth, L. and Hakonen, H. and Raita, T.},
  title =        {A Survey of Longest Common Subsequence Algorithms},
  booktitle =    {Proceedings of the Seventh International Symposium
                  on String Processing Information Retrieval
                  (SPIRE'00)},
  series =       {SPIRE '00},
  year =         2000,
  isbn =         {0-7695-0746-8},
  pages =        {39--},
  url =          {http://dl.acm.org/citation.cfm?id=829519.830817},
  acmid =        830817,
  publisher =    {IEEE Computer Society},
  address =      {Washington, DC, USA},
  keywords =     {algorithm performance, data structures, execution
                  time, longest common subsequence algorithms, string
                  comparison, string matching},
}

@article{Bille2005,
  author =       {Bille, Philip},
  title =        {A Survey on Tree Edit Distance and Related Problems},
  journal =      {Theor. Comput. Sci.},
  issue_date =   {9 June 2005},
  volume =       337,
  number =       {1-3},
  month =        jun,
  year =         2005,
  issn =         {0304-3975},
  pages =        {217--239},
  numpages =     23,
  url =          {http://dx.doi.org/10.1016/j.tcs.2004.12.030},
  doi =          {10.1016/j.tcs.2004.12.030},
  acmid =        1085283,
  publisher =    {Elsevier Science Publishers Ltd.},
  address =      {Essex, UK},
  keywords =     {tree alignment, tree edit distance, tree inclusion,
                  tree matching},
}

@inproceedings{Bird1998,
  title =        {Nested datatypes},
  author =       {Bird, Richard and Meertens, Lambert},
  booktitle =    {International Conference on Mathematics of Program
                  Construction},
  pages =        {52--67},
  year =         1998,
  organization = {Springer}
}

@InProceedings{Calves2008,
  author =       "Calv{\`e}s, Christophe and Fern{\'a}ndez, Maribel",
  editor =       "Hodges, Wilfrid and de Queiroz, Ruy",
  title =        "Nominal Matching and Alpha-Equivalence",
  booktitle =    "Logic, Language, Information and Computation",
  year =         2008,
  publisher =    "Springer Berlin Heidelberg",
  address =      "Berlin, Heidelberg",
  pages =        "111--122",
  isbn =         "978-3-540-69937-8"
}

@inproceedings{Chawathe1997,
  author =       {Chawathe, Sudarshan S. and Garcia-Molina, Hector},
  title =        {Meaningful Change Detection in Structured Data},
  booktitle =    {Proceedings of the 1997 ACM SIGMOD International
                  Conference on Management of Data},
  series =       {SIGMOD '97},
  year =         1997,
  isbn =         {0-89791-911-4},
  location =     {Tucson, Arizona, USA},
  pages =        {26--37},
  numpages =     12,
  url =          {http://doi.acm.org/10.1145/253260.253266},
  doi =          {10.1145/253260.253266},
  acmid =        253266,
  publisher =    {ACM},
  address =      {New York, NY, USA},
}

@inproceedings{Darcs,
  author =       {Roundy, David},
  title =        {Darcs: Distributed Version Management in Haskell},
  booktitle =    {Proceedings of the 2005 ACM SIGPLAN Workshop on
                  Haskell},
  series =       {Haskell '05},
  year =         2005,
  isbn =         {1-59593-071-X},
  location =     {Tallinn, Estonia},
  pages =        {1--4},
  numpages =     4,
  url =          {http://doi.acm.org/10.1145/1088348.1088349},
  doi =          {10.1145/1088348.1088349},
  acmid =        1088349,
  publisher =    {ACM},
  address =      {New York, NY, USA},
}

@InProceedings{Demaine2007,
  AUTHOR =       {Erik D. Demaine and Shay Mozes and Benjamin Rossman
                  and Oren Weimann},
  TITLE =        {An Optimal Decomposition Algorithm for Tree Edit
                  Distance},
  BOOKTITLE =    {Proceedings of the 34th International Colloquium on
                  Automata, Languages and Programming (ICALP 2007)},
  MONTH =        {July 9--13},
  YEAR =         2007,
  ADDRESS =      {Wroclaw, Poland},
  PAGES =        {146--157}
}

@article{Eisenberg2012,
  author =       {Eisenberg, Richard A. and Weirich, Stephanie},
  title =        {Dependently Typed Programming with Singletons},
  journal =      {SIGPLAN Not.},
  issue_date =   {December 2012},
  volume =       47,
  number =       12,
  month =        sep,
  year =         2012,
  issn =         {0362-1340},
  pages =        {117--130},
  numpages =     14,
  url =          {http://doi.acm.org/10.1145/2430532.2364522},
  doi =          {10.1145/2430532.2364522},
  acmid =        2364522,
  publisher =    {ACM},
  address =      {New York, NY, USA},
  keywords =     {dependently typed programming, gadts, haskell,
                  singletons},
}

@inproceedings{EisenbergWA16,
  author =       {Richard A. Eisenberg and Stephanie Weirich and
                  Hamidhasan G. Ahmed},
  title =        {{Visible Type Application}},
  booktitle =    {Programming Languages and Systems - 25th European
                  Symposium on Programming, {ESOP} 2016, Held as Part
                  of the European Joint Conferences on Theory and
                  Practice of Software, {ETAPS} 2016, Eindhoven, The
                  Netherlands, April 2-8, 2016, Proceedings},
  pages =        {229--254},
  year =         2016,
}

@inproceedings{Falleri2014,
  author =       {Jean{-}R{\'{e}}my Falleri and Flor{\'{e}}al Morandat
                  and Xavier Blanc and Matias Martinez and Martin
                  Monperrus},
  title =        {Fine-grained and accurate source code differencing},
  booktitle =    {{ACM/IEEE} International Conference on Automated
                  Software Engineering, {ASE} '14, Vasteras, Sweden -
                  September 15 - 19, 2014},
  pages =        {313--324},
  year =         2014,
  url =          {http://doi.acm.org/10.1145/2642937.2642982},
  doi =          {10.1145/2642937.2642982},
  timestamp =    {Wed, 17 Sep 2014 09:31:02 +0200},
  biburl =
                  {http://dblp.uni-trier.de/rec/bib/conf/kbse/FalleriMBMM14},
  bibsource =    {dblp computer science bibliography, http://dblp.org}
}

@inproceedings{Farinier2015,
  TITLE =        {{Mergeable persistent data structures}},
  AUTHOR =       {Farinier, Benjamin and Gazagnaire, Thomas and
                  Madhavapeddy, Anil},
  URL =          {https://hal.inria.fr/hal-01099136},
  BOOKTITLE =    {{Vingt-sixi{\`e}mes Journ{\'e}es Francophones des
                  Langages Applicatifs (JFLA 2015)}},
  ADDRESS =      {Le Val d'Ajol, France},
  EDITOR =       {David Baelde and Jade Alglave},
  YEAR =         2015,
  MONTH =        Jan,
  PDF =          {https://hal.inria.fr/hal-01099136/file/paper.pdf},
  HAL_ID =       {hal-01099136},
  HAL_VERSION =  {v2},
}

@inproceedings{Finis2013,
  author =       {Finis, Jan P. and Raiber, Martin and Augsten,
                  Nikolaus and Brunel, Robert and Kemper, Alfons and
                  F\"{a}rber, Franz},
  title =        {RWS-Diff: Flexible and Efficient Change Detection in
                  Hierarchical Data},
  booktitle =    {Proceedings of the 22Nd ACM International Conference
                  on Information \& Knowledge Management},
  series =       {CIKM '13},
  year =         2013,
  isbn =         {978-1-4503-2263-8},
  location =     {San Francisco, California, USA},
  pages =        {339--348},
  numpages =     10,
  url =          {http://doi.acm.org/10.1145/2505515.2505763},
  doi =          {10.1145/2505515.2505763},
  acmid =        2505763,
  publisher =    {ACM},
  address =      {New York, NY, USA},
  keywords =     {change detection, hierarchical data, random walk,
                  similarity search, tree diff, tree edit distance,
                  tree edit script, xml},
}

@inproceedings{Gibbons2006,
  author =       {Gibbons, Jeremy},
  title =        {Design Patterns As Higher-order Datatype-generic
                  Programs},
  booktitle =    {Proceedings of the 2006 ACM SIGPLAN Workshop on
                  Generic Programming},
  series =       {WGP '06},
  year =         2006,
  isbn =         {1-59593-492-8},
  location =     {Portland, Oregon, USA},
  pages =        {1--12},
  numpages =     12,
  url =          {http://doi.acm.org/10.1145/1159861.1159863},
  doi =          {10.1145/1159861.1159863},
  acmid =        1159863,
  publisher =    {ACM},
  address =      {New York, NY, USA},
  keywords =     {design patterns, folds, functional programming,
                  generic programming, higher-order functions,
                  unfolds},
}

@inproceedings{Hashimoto2008,
  author =       {Hashimoto, Masatomo and Mori, Akira},
  title =        {Diff/TS: A Tool for Fine-Grained Structural Change
                  Analysis},
  booktitle =    {Proceedings of the 2008 15th Working Conference on
                  Reverse Engineering},
  series =       {WCRE '08},
  year =         2008,
  isbn =         {978-0-7695-3429-9},
  pages =        {279--288},
  numpages =     10,
  url =          {http://dx.doi.org/10.1109/WCRE.2008.44},
  doi =          {10.1109/WCRE.2008.44},
  acmid =        1448001,
  publisher =    {IEEE Computer Society},
  address =      {Washington, DC, USA},
}

@article {Henikoff1992,
  author =       {Henikoff, S and Henikoff, J G},
  title =        {Amino acid substitution matrices from protein
                  blocks},
  volume =       89,
  number =       22,
  pages =        {10915--10919},
  year =         1992,
  doi =          {10.1073/pnas.89.22.10915},
  publisher =    {National Academy of Sciences},
  issn =         {0027-8424},
  URL =          {https://www.pnas.org/content/89/22/10915},
  eprint =       {https://www.pnas.org/content/89/22/10915.full.pdf},
  journal =      {Proceedings of the National Academy of Sciences}
}

@article{Hinze2004,
  title =        "Type-indexed data types",
  journal =      "Science of Computer Programming",
  volume =       51,
  number =       1,
  pages =        "117 - 151",
  year =         2004,
  note =         "Mathematics of Program Construction (MPC 2002)",
  issn =         "0167-6423",
  doi =          "https://doi.org/10.1016/j.scico.2003.07.001",
  url =
                  "http://www.sciencedirect.com/science/article/pii/S0167642304000152",
  author =       "Ralf Hinze and Johan Jeuring and Andres Löh",
  keywords =     "Polytypic programming, Generic Haskell, Digital
                  searching"
}

@InProceedings{Hinze2007,
  author =       {Hinze, Ralf and Jeuring, Johan and L\"oh, Andres},
  editor =       "Backhouse, Roland and Gibbons, Jeremy and Hinze,
                  Ralf and Jeuring, Johan",
  title =        "Comparing Approaches to Generic Programming in
                  Haskell",
  booktitle =    "Datatype-Generic Programming",
  year =         2007,
  publisher =    "Springer Berlin Heidelberg",
  address =      "Berlin, Heidelberg",
  pages =        "72--149",
  isbn =         "978-3-540-76786-2"
}

@article{Huet1997,
  title =        {The Zipper},
  volume =       7,
  number =       5,
  journal =      {Journal of Functional Programming},
  publisher =    {Cambridge University Press},
  author =       {Huet, G{\'e}rard},
  year =         1997,
  pages =        {549–554}
}

@techreport{Jacobson2009,
  title =        {A formalization of darcs patch theory using inverse
                  semigroups},
  author =       {Jacobson, Judah},
  institution =  {UCLA},
  misc =         {Available from
                  \url{ftp://ftp.math.ucla.edu/pub/camreport/cam09-83.pdf}},
  year =         2009
}

@inproceedings{Klein1998,
  author =       {Klein, Philip N.},
  title =        {Computing the Edit-Distance Between Unrooted Ordered
                  Trees},
  booktitle =    {Proceedings of the 6th Annual European Symposium on
                  Algorithms},
  series =       {ESA '98},
  year =         1998,
  pages =        {91--102},
  publisher =    {Springer-Verlag},
  address =      {London, UK, UK}
}

@inproceedings{Lammel2003,
  author =       {L\"{a}mmel, Ralf and Jones, Simon Peyton},
  title =        {{Scrap Your Boilerplate: A Practical Design Pattern
                  for Generic Programming}},
  booktitle =    {Proceedings of the 2003 ACM SIGPLAN International
                  Workshop on Types in Languages Design and
                  Implementation},
  series =       {TLDI '03},
  year =         2003,
  isbn =         {1-58113-649-8},
  location =     {New Orleans, Louisiana, USA},
  pages =        {26--37},
  numpages =     12,
  url =          {http://doi.acm.org/10.1145/604174.604179},
  doi =          {10.1145/604174.604179},
  acmid =        604179,
  publisher =    {ACM},
  address =      {New York, NY, USA},
  keywords =     {generic programming, rank-2 types, traversal, type
                  cast},
}

@misc{LatexDiff,
  author =       {Frederik Tilmann},
  title =        {latexdiff},
  note =
                  {http://mirrors.ctan.org/support/latexdiff/doc/latexdiff-man.pdf},
  year =         2004
}

@inproceedings{Lempsink2009,
  author =       {Lempsink, Eelco and Leather, Sean and L\"{o}h,
                  Andres},
  title =        {Type-safe Diff for Families of Datatypes},
  booktitle =    {Proceedings of the 2009 ACM SIGPLAN Workshop on
                  Generic Programming},
  series =       {WGP '09},
  year =         2009,
  isbn =         {978-1-60558-510-9},
  location =     {Edinburgh, Scotland},
  pages =        {61--72},
  numpages =     12,
  url =          {http://doi.acm.org/10.1145/1596614.1596624},
  doi =          {10.1145/1596614.1596624},
  acmid =        1596624,
  publisher =    {ACM},
  address =      {New York, NY, USA},
  keywords =     {datatype-generic programming, dependent types, edit
                  distance},
}

@article{Levenshtein1966,
  author =       {Levenshtein, VI},
  journal =      {Soviet Physics Doklady},
  keywords =     {lexicography similarity},
  pages =        707,
  title =        {{Binary Codes Capable of Correcting Deletions,
                  Insertions and Reversals}},
  volume =       10,
  year =         1966
}

@inproceedings{Loh2011,
  title =        {Generic programming with indexed functors},
  author =       {L{\"o}h, Andres and Magalhaes, Jos{\'e} Pedro},
  booktitle =    {Proceedings of the seventh ACM SIGPLAN workshop on
                  Generic programming},
  pages =        {1--12},
  year =         2011,
  organization = {ACM}
}

@inproceedings{Magalhaes2010,
  author =       {Magalh\~{a}es, Jos{\'e} Pedro and Dijkstra, Atze and
                  Jeuring, Johan and L\"{o}h, Andres},
  title =        {{A Generic Deriving Mechanism for Haskell}},
  booktitle =    {Proceedings of the Third ACM Haskell Symposium on
                  Haskell},
  series =       {Haskell '10},
  year =         2010,
  isbn =         {978-1-4503-0252-4},
  location =     {Baltimore, Maryland, USA},
  pages =        {37--48},
  numpages =     12,
  url =          {http://doi.acm.org/10.1145/1863523.1863529},
  doi =          {10.1145/1863523.1863529},
  acmid =        1863529,
  publisher =    {ACM},
  address =      {New York, NY, USA},
  keywords =     {datatype-generic programming, haskell, type classes},
}

@inproceedings{Magalhaes2012,
  author =       {Magalh\~aes, Jos\'e Pedro and L\"oh, Andres},
  year =         2012,
  title =        {{A Formal Comparison of Approaches to
                  Datatype-Generic Programming}},
  editor =       {Chapman, James and Levy, Paul Blain},
  booktitle =    {Proceedings Fourth Workshop on Mathematically
                  Structured Functional Programming, Tallinn, Estonia,
                  25 March 2012},
  series =       {Electronic Proceedings in Theoretical Computer
                  Science},
  volume =       76,
  publisher =    {Open Publishing Association},
  pages =        {50--67},
  doi =          {10.4204/EPTCS.76.6},
}

@article{McBride2004,
  author =       {McBride, Conor and McKinna, James},
  title =        {The View from the Left},
  journal =      {J. Funct. Program.},
  issue_date =   {January 2004},
  volume =       14,
  number =       1,
  month =        jan,
  year =         2004,
  issn =         {0956-7968},
  pages =        {69--111},
  numpages =     43,
  doi =          {10.1017/S0956796803004829},
  acmid =        967496,
  publisher =    {Cambridge University Press},
  address =      {New York, NY, USA},
}

@Inbook{McBride2005,
  author =       "McBride, Conor",
  title =        "Epigram: Practical Programming with Dependent Types",
  bookTitle =    "Advanced Functional Programming: 5th International
                  School, AFP 2004, Tartu, Estonia, August 14 -- 21,
                  2004, Revised Lectures",
  year =         2005,
  publisher =    "Springer Berlin Heidelberg",
  address =      "Berlin, Heidelberg",
  pages =        "130--170",
  isbn =         "978-3-540-31872-9",
  doi =          "10.1007/11546382_3",
  url =          "http://dx.doi.org/10.1007/11546382_3"
}

@techreport{McIlroy1976,
  author =       {J. W. Hunt and M. D. McIlroy},
  title =        {An Algorithm for Differential File Comparison},
  institution =  {Bell Laboratories},
  address =      {Murray Hill, NJ},
  number =       {CSTR 41},
  year =         1976
}

@article{McKenna2010,
  author =       {McKenna, Aaron and Hanna, Matthew and Banks, Eric
                  and Sivachenko, Andrey and Cibulskis, Kristian and
                  Kernytsky, Andrew and Garimella, Kiran and
                  Altshuler, David and Gabriel, Stacey and Daly, Mark
                  and DePristo, Mark},
  year =         2010,
  month =        09,
  pages =        {1297-303},
  title =        {The Genome Analysis Toolkit: A MapReduce framework
                  for analyzing next-generation DNA sequencing data},
  volume =       20,
  journal =      {Genome research},
  doi =          {10.1101/gr.107524.110}
}

@article{Mimram2013,
  author =       {Samuel Mimram and Cinzia Di Giusto},
  title =        {A Categorical Theory of Patches},
  journal =      {CoRR},
  volume =       {abs/1311.3903},
  year =         2013
}

@inproceedings{Miraldo2017,
  author =       {Miraldo, Victor Cacciari and Dagand,
                  Pierre-\'{E}variste and Swierstra, Wouter},
  title =        {Type-directed Diffing of Structured Data},
  booktitle =    {Proceedings of the 2Nd ACM SIGPLAN International
                  Workshop on Type-Driven Development},
  series =       {TyDe 2017},
  year =         2017,
  isbn =         {978-1-4503-5183-6},
  location =     {Oxford, UK},
  pages =        {2--15},
  numpages =     14,
  url =          {http://doi.acm.org/10.1145/3122975.3122976},
  doi =          {10.1145/3122975.3122976},
  acmid =        3122976,
  publisher =    {ACM},
  address =      {New York, NY, USA},
  keywords =     {Agda, Datatype Generic Programming, De- pendently
                  typed programming, Version Control},
}

@inproceedings{Miraldo2018,
  title =        {Sums of products for mutually recursive datatypes:
                  the appropriationist’s view on generic programming},
  author =       {Miraldo, Victor Cacciari and Serrano, Alejandro},
  booktitle =    {Proceedings of the 3rd ACM SIGPLAN International
                  Workshop on Type-Driven Development},
  pages =        {65--77},
  year =         2018,
  organization = {ACM}
}

@inproceedings{Mitchell2007,
  author =       {Mitchell, Neil and Runciman, Colin},
  title =        {{Uniform Boilerplate and List Processing}},
  booktitle =    {Proceedings of the ACM SIGPLAN Workshop on Haskell
                  Workshop},
  series =       {Haskell '07},
  year =         2007,
  isbn =         {978-1-59593-674-5},
  location =     {Freiburg, Germany},
  pages =        {49--60},
  numpages =     12,
  url =          {http://doi.acm.org/10.1145/1291201.1291208},
  doi =          {10.1145/1291201.1291208},
  acmid =        1291208,
  publisher =    {ACM},
  address =      {New York, NY, USA},
}

@inproceedings{Noort2008,
  author =       {Noort, Thomas van and Rodriguez, Alexey and
                  Holdermans, Stefan and Jeuring, Johan and Heeren,
                  Bastiaan},
  title =        {{A Lightweight Approach to Datatype-generic
                  Rewriting}},
  booktitle =    {Proceedings of the ACM SIGPLAN Workshop on Generic
                  Programming},
  series =       {WGP '08},
  year =         2008,
  isbn =         {978-1-60558-060-9},
  location =     {Victoria, BC, Canada},
  pages =        {13--24},
  numpages =     12,
  url =          {http://doi.acm.org/10.1145/1411318.1411321},
  doi =          {10.1145/1411318.1411321},
  acmid =        1411321,
  publisher =    {ACM},
  address =      {New York, NY, USA},
  keywords =     {datatype-generic programming, term rewriting},
}

@article{Paassen2017,
  author =       {Benjamin Paa{\ss}en and Barbara Hammer and Thomas
                  William Price and Tiffany Barnes and Sebastian Gross
                  and Niels Pinkwart},
  title =        {The Continuous Hint Factory - Providing Hints in
                  Vast and Sparsely Populated Edit Distance Spaces},
  journal =      {CoRR},
  volume =       {abs/1708.06564},
  year =         2017,
  url =          {http://arxiv.org/abs/1708.06564},
  archivePrefix ={arXiv},
  eprint =       {1708.06564},
  timestamp =    {Mon, 13 Aug 2018 16:48:52 +0200},
  biburl =
                  {https://dblp.org/rec/bib/journals/corr/abs-1708-06564},
  bibsource =    {dblp computer science bibliography,
                  https://dblp.org}
}

@article{Paassen2018,
  author =       {Benjamin Paa{\ss}en},
  title =        {Revisiting the tree edit distance and its
                  backtracing: {A} tutorial},
  journal =      {CoRR},
  volume =       {abs/1805.06869},
  year =         2018,
  url =          {http://arxiv.org/abs/1805.06869},
  archivePrefix ={arXiv},
  eprint =       {1805.06869},
  timestamp =    {Mon, 13 Aug 2018 16:47:40 +0200},
  biburl =
                  {https://dblp.org/rec/bib/journals/corr/abs-1805-06869},
  bibsource =    {dblp computer science bibliography,
                  https://dblp.org}
}

@inproceedings{Palix2011,
  title =        {Faults in {Linux}: Ten Years Later},
  author =       {Nicolas Palix and Ga\"l Thomas and Suman Saha and
                  Christophe Calv\`es and Julia Lawall and Gilles
                  Muller},
  booktitle =    {Sixteenth International Conference on Architectural
                  Support for Programming Languages and Operating
                  Systems (ASPLOS 2011)},
  address =      {Newport Beach, CA, USA},
  month =        mar,
  year =         2011
}

@inproceedings{Pickering2016,
  author =       {Pickering, Matthew and \'{E}rdi, Gerg\H{o} and
                  Peyton Jones, Simon and Eisenberg, Richard A.},
  title =        {Pattern Synonyms},
  booktitle =    {Proceedings of the 9th International Symposium on
                  Haskell},
  series =       {Haskell 2016},
  year =         2016,
  isbn =         {978-1-4503-4434-0},
  location =     {Nara, Japan},
  pages =        {80--91},
  numpages =     12,
  url =          {http://doi.acm.org/10.1145/2976002.2976013},
  doi =          {10.1145/2976002.2976013},
  acmid =        2976013,
  publisher =    {ACM},
  address =      {New York, NY, USA},
  keywords =     {Haskell, functional programming, pattern matching},
}

@mastersthesis{Putten2019,
  title =        {Generic diffing and merging of mutually recursive
                  datatypes in Haskell},
  author =       {Putten, A van},
  school =       {Utrecht Universiteit},
  year =         2019
}

@inproceedings{Rodriguez2008,
  author =       {Rodriguez, Alexey and Jeuring, Johan and Jansson,
                  Patrik and Gerdes, Alex and Kiselyov, Oleg and
                  Oliveira, Bruno C. d. S.},
  title =        {{Comparing Libraries for Generic Programming in
                  Haskell}},
  booktitle =    {Proceedings of the First ACM SIGPLAN Symposium on
                  Haskell},
  series =       {Haskell '08},
  year =         2008,
  isbn =         {978-1-60558-064-7},
  location =     {Victoria, BC, Canada},
  pages =        {111--122},
  numpages =     12,
  url =          {http://doi.acm.org/10.1145/1411286.1411301},
  doi =          {10.1145/1411286.1411301},
  acmid =        1411301,
  publisher =    {ACM},
  address =      {New York, NY, USA},
  keywords =     {datatype-generic programming, libraries comparison},
}

@InProceedings{Rohan2016,
  author =       "Roy Choudhury, Rohan and Yin, Hezheng and Fox,
                  Armando",
  editor =       "Micarelli, Alessandro and Stamper, John and
                  Panourgia, Kitty",
  title =        "Scale-Driven Automatic Hint Generation for Coding
                  Style",
  booktitle =    "Intelligent Tutoring Systems",
  year =         2016,
  publisher =    "Springer International Publishing",
  address =      "Cham",
  pages =        "122--132",
  isbn =         "978-3-319-39583-8"
}

@inproceedings{Serrano2016,
  author =       {Alejandro Serrano and Jurriaan Hage},
  title =        {Generic Matching of Tree Regular Expressions over
                  Haskell Data Types},
  booktitle =    {Practical Aspects of Declarative Languages - 18th
                  International Symposium, {PADL} 2016,
                  St. Petersburg, FL, USA, January 18-19,
                  2016. Proceedings},
  pages =        {83--98},
  year =         2016,
  url =          {https://doi.org/10.1007/978-3-319-28228-2_6},
}

@inproceedings{Serrano2018,
  title =        {Generic programming of all kinds},
  author =       {Serrano, Alejandro and Miraldo, Victor Cacciari},
  booktitle =    {Proceedings of the 11th ACM SIGPLAN International
                  Symposium on Haskell},
  pages =        {41--54},
  year =         2018,
  organization = {ACM}
}

@inproceedings{Sheard2002,
 author = {Sheard, Tim and Jones, Simon Peyton},
 title = {Template Meta-programming for Haskell},
 booktitle = {Proceedings of the 2002 ACM SIGPLAN Workshop on Haskell},
 series = {Haskell '02},
 year = {2002},
 isbn = {1-58113-605-6},
 location = {Pittsburgh, Pennsylvania},
 pages = {1--16},
 numpages = {16},
 url = {http://doi.acm.org/10.1145/581690.581691},
 doi = {10.1145/581690.581691},
 acmid = {581691},
 publisher = {ACM},
 address = {New York, NY, USA},
 keywords = {meta programming, templates},
} 

@inproceedings{Swierstra2014,
  author =       {Swierstra, Wouter and L\"{o}h, Andres},
  title =        {The Semantics of Version Control},
  booktitle =    {Proceedings of the 2014 ACM International Symposium
                  on New Ideas, New Paradigms, and Reflections on
                  Programming \&\#38; Software},
  series =       {Onward! '14},
  year =         2014,
  pages =        {43--54}
}

@inproceedings{Tonder2019,
  title =        {Lightweight multi-language syntax transformation
                  with parser parser combinators},
  author =       {van Tonder, Rijnard and Le Goues, Claire},
  booktitle =    {Proceedings of the 40th ACM SIGPLAN Conference on
                  Programming Language Design and Implementation},
  pages =        {363--378},
  year =         2019,
  organization = {ACM}
}

@inproceedings{Vassena2016,
  author =       {Marco Vassena},
  title =        {Generic Diff3 for algebraic datatypes},
  booktitle =    {Proceedings of the 1st International Workshop on
                  Type-Driven Development, TyDe@ICFP 2016, Nara,
                  Japan, September 18, 2016},
  pages =        {62--71},
  year =         2016,
  url =          {https://doi.org/10.1145/2976022.2976026},
  doi =          {10.1145/2976022.2976026},
  timestamp =    {Tue, 06 Nov 2018 16:59:24 +0100},
  biburl =       {https://dblp.org/rec/bib/conf/icfp/Vassena16},
  bibsource =    {dblp computer science bibliography,
                  https://dblp.org}
}

@inproceedings{Wadler1987,
  author =       {Wadler, P.},
  title =        {Views: A Way for Pattern Matching to Cohabit with
                  Data Abstraction},
  booktitle =    {Proceedings of the 14th ACM SIGACT-SIGPLAN Symposium
                  on Principles of Programming Languages},
  series =       {POPL '87},
  year =         1987,
  isbn =         {0-89791-215-2},
  location =     {Munich, West Germany},
  pages =        {307--313},
  numpages =     7,
  url =          {http://doi.acm.org/10.1145/41625.41653},
  doi =          {10.1145/41625.41653}
}

@inproceedings{Weirich2011,
  author =       {Weirich, Stephanie and Yorgey, Brent A. and Sheard,
                  Tim},
  title =        {Binders Unbound},
  booktitle =    {Proceedings of the 16th ACM SIGPLAN International
                  Conference on Functional Programming},
  series =       {ICFP '11},
  year =         2011,
  isbn =         {978-1-4503-0865-6},
  location =     {Tokyo, Japan},
  pages =        {333--345},
  numpages =     13,
  url =          {http://doi.acm.org/10.1145/2034773.2034818},
  doi =          {10.1145/2034773.2034818},
  acmid =        2034818,
  publisher =    {ACM},
  address =      {New York, NY, USA},
  keywords =     {generic programming, haskell, name binding,
                  patterns},
}

@article{Weirich2013,
  author =       {Weirich, Stephanie and Hsu, Justin and Eisenberg,
                  Richard A.},
  title =        {{System FC with Explicit Kind Equality}},
  journal =      {SIGPLAN Not.},
  issue_date =   {September 2013},
  volume =       48,
  number =       9,
  month =        sep,
  year =         2013,
  issn =         {0362-1340},
  pages =        {275--286},
  numpages =     12,
  url =          {http://doi.acm.org/10.1145/2544174.2500599},
  doi =          {10.1145/2544174.2500599},
  acmid =        2500599,
  publisher =    {ACM},
  address =      {New York, NY, USA},
  keywords =     {dependent types, equality, haskell},
}

@article{Weirich2017,
  author =       {Weirich, Stephanie and Voizard, Antoine and de
                  Amorim, Pedro Henrique Azevedo and Eisenberg,
                  Richard A.},
  title =        {{A Specification for Dependent Types in Haskell}},
  journal =      {Proc. ACM Program. Lang.},
  issue_date =   {September 2017},
  volume =       1,
  number =       {ICFP},
  month =        aug,
  year =         2017,
  issn =         {2475-1421},
  pages =        {31:1--31:29},
  articleno =    31,
  numpages =     29,
  url =          {http://doi.acm.org/10.1145/3110275},
  doi =          {10.1145/3110275},
  acmid =        3110275,
  publisher =    {ACM},
  address =      {New York, NY, USA},
  keywords =     {Dependent Types, Haskell},
}

@inproceedings{Xi2003,
  author =       {Xi, Hongwei and Chen, Chiyan and Chen, Gang},
  title =        {Guarded Recursive Datatype Constructors},
  booktitle =    {Proceedings of the 30th ACM SIGPLAN-SIGACT Symposium
                  on Principles of Programming Languages},
  series =       {POPL '03},
  year =         2003,
  isbn =         {1-58113-628-5},
  location =     {New Orleans, Louisiana, USA},
  pages =        {224--235},
  numpages =     12,
  url =          {http://doi.acm.org/10.1145/604131.604150},
  doi =          {10.1145/604131.604150},
  acmid =        604150,
  publisher =    {ACM},
  address =      {New York, NY, USA},
  keywords =     {guarded recursive datatype constructors},
}

@inproceedings{Yakushev2009,
  author =       {Yakushev, Alexey Rodriguez and Holdermans, Stefan
                  and L\"{o}h, Andres and Jeuring, Johan},
  title =        {{Generic Programming with Fixed Points for Mutually
                  Recursive Datatypes}},
  booktitle =    {Proceedings of the 14th ACM SIGPLAN International
                  Conference on Functional Programming},
  series =       {ICFP '09},
  year =         2009,
  isbn =         {978-1-60558-332-7},
  location =     {Edinburgh, Scotland},
  pages =        {233--244},
  numpages =     12,
  url =          {http://doi.acm.org/10.1145/1596550.1596585},
  doi =          {10.1145/1596550.1596585},
  acmid =        1596585,
  publisher =    {ACM},
  address =      {New York, NY, USA},
  keywords =     {datatype-generic programming, fixed points, haskell,
                  mutually recursive datatypes},
}

@inproceedings{Yorgey2012,
  author =       {Yorgey, Brent A. and Weirich, Stephanie and Cretin,
                  Julien and Peyton Jones, Simon and Vytiniotis,
                  Dimitrios and Magalh\~{a}es, Jos{\'e} Pedro},
  title =        {{Giving Haskell a Promotion}},
  booktitle =    {Proceedings of the 8th ACM SIGPLAN Workshop on Types
                  in Language Design and Implementation},
  series =       {TLDI '12},
  year =         2012,
  isbn =         {978-1-4503-1120-5},
  location =     {Philadelphia, Pennsylvania, USA},
  pages =        {53--66},
  numpages =     14,
  url =          {http://doi.acm.org/10.1145/2103786.2103795},
  doi =          {10.1145/2103786.2103795},
  acmid =        2103795,
  publisher =    {ACM},
  address =      {New York, NY, USA},
  keywords =     {haskell, kinds, polymorphism, promotion},
}

@inproceedings{deVries2014,
  author =       {de Vries, Edsko and L\"{o}h, Andres},
  title =        {{True Sums of Products}},
  booktitle =    {Proceedings of the 10th ACM SIGPLAN Workshop on
                  Generic Programming},
  series =       {WGP '14},
  year =         2014,
  isbn =         {978-1-4503-3042-8},
  location =     {Gothenburg, Sweden},
  pages =        {83--94},
  numpages =     12,
  url =          {http://doi.acm.org/10.1145/2633628.2633634},
  doi =          {10.1145/2633628.2633634},
  acmid =        2633634,
  publisher =    {ACM},
  address =      {New York, NY, USA},
  keywords =     {datatype-generic programming, generic views, json,
                  lenses, metadata, sums of products, universes},
}

@misc{ghcUsersGuide,
  author =       {{GHC Team}},
  title =        {{GHC 8.4.1 User's Guide}},
  note =
                  {\url{https://downloads.haskell.org/~ghc/8.4.1/docs/html/users_guide/}},
  year =         2018
}

@misc{haskell2010,
  author =       {Simon Marlow and others},
  title =        {{Haskell} 2010 {L}anguage {R}eport},
  note =
                  {\url{https://www.haskell.org/onlinereport/haskell2010/}},
  year =         2010
}

@misc{patienceDiff,
  author =       {{Bram Cohen}},
  title =        {{Patience Diff Advantages}},
  year =         2010,
  note =         {\url{https://bramcohen.livejournal.com/73318.html}}
}
